@article{brown1962smoothing,
  title={Smoothing, forecasting and prediction of discrete time series},
  author={Brown, Robert Goodell},
  year={1962},
  publisher={Prentice-Hall}
}
@article{holt1957forecasting,
  title={Forecasting trends and seasonals by exponentially weighted averages. carnegie institute of technology},
  author={Holt, Charles C},
  journal={Pittsburgh ONR memorandum},
  year={1957}
}
@article{winters1960forecasting,
  title={Forecasting sales by exponentially weighted moving averages},
  author={Winters, Peter R},
  journal={Management science},
  volume={6},
  number={3},
  pages={324--342},
  year={1960},
  publisher={INFORMS}
}
@article{box1976time,
  title={Time series analysis: Forecasting and control San Francisco},
  author={Box, George EP and Jenkins, Gwilym M},
  journal={Calif: Holden-Day},
  year={1976}
}
@article{bollerslev1994arch,
  title={ARCH models},
  author={Bollerslev, Tim and Engle, Robert F and Nelson, Daniel B},
  journal={Handbook of econometrics},
  volume={4},
  pages={2959--3038},
  year={1994},
  publisher={Elsevier}
}
@article{engle1982autoregressive,
  title={Autoregressive conditional heteroscedasticity with estimates of the variance of United Kingdom inflation},
  author={Engle, Robert F},
  journal={Econometrica: Journal of the Econometric Society},
  pages={987--1007},
  year={1982},
  publisher={JSTOR}
}
@book{rosenblatt1957perceptron,
  title={The perceptron, a perceiving and recognizing automaton Project Para},
  author={Rosenblatt, Frank},
  year={1957},
  publisher={Cornell Aeronautical Laboratory}
}
@article{williams1989learning,
  title={A learning algorithm for continually running fully recurrent neural networks},
  author={Williams, Ronald J and Zipser, David},
  journal={Neural computation},
  volume={1},
  number={2},
  pages={270--280},
  year={1989},
  publisher={MIT Press}
}
@article{werbos1990backpropagation,
  title={Backpropagation through time: what it does and how to do it},
  author={Werbos, Paul J},
  journal={Proceedings of the IEEE},
  volume={78},
  number={10},
  pages={1550--1560},
  year={1990},
  publisher={IEEE}
}
@article{hochreiter1997long,
  title={Long short-term memory},
  author={Hochreiter, Sepp and Schmidhuber, J{\"u}rgen},
  journal={Neural computation},
  volume={9},
  number={8},
  pages={1735--1780},
  year={1997},
  publisher={MIT Press}
}

