%
% INTRODUCTION ------------------------------------
%
@article{sklar1959,
  title={Fonctions de répartition à n dimensions et leurs marges},
  author={Sklar, Abe},
  journal={Publ. inst. statist. univ. Paris},
  volume={8},
  pages={229--231},
  year={1959}
}
@book{azzalini2013skew,
  title={The skew-normal and related families},
  author={Azzalini, Adelchi},
  volume={3},
  year={2013},
  publisher={Cambridge University Press}
}
@article{brown1962smoothing,
  title={Smoothing, forecasting and prediction of discrete time series},
  author={Brown, Robert Goodell},
  year={1962},
  publisher={Prentice-Hall}
}
@article{holt1957forecasting,
  title={Forecasting trends and seasonals by exponentially weighted averages. carnegie institute of technology},
  author={Holt, Charles C},
  journal={Pittsburgh ONR memorandum},
  year={1957}
}
@article{winters1960forecasting,
  title={Forecasting sales by exponentially weighted moving averages},
  author={Winters, Peter R},
  journal={Management science},
  volume={6},
  number={3},
  pages={324--342},
  year={1960},
  publisher={INFORMS}
}
@article{gardner1985exponential,
  title={Exponential smoothing: The state of the art},
  author={Gardner Jr, Everette S},
  journal={Journal of forecasting},
  volume={4},
  number={1},
  pages={1--28},
  year={1985},
  publisher={Wiley Online Library}
}
@article{gardner2006exponential,
  title={Exponential smoothing: The state of the art—Part II},
  author={Gardner Jr, Everette S},
  journal={International journal of forecasting},
  volume={22},
  number={4},
  pages={637--666},
  year={2006},
  publisher={Elsevier}
}

@article{snyder1985recursive,
  title={Recursive estimation of dynamic linear models},
  author={Snyder, RD},
  journal={Journal of the Royal Statistical Society. Series B (Methodological)},
  pages={272--276},
  year={1985},
  publisher={JSTOR}
}
@article{hyndman2002state,
  title={A state space framework for automatic forecasting using exponential smoothing methods},
  author={Hyndman, Rob J and Koehler, Anne B and Snyder, Ralph D and Grose, Simone},
  journal={International Journal of forecasting},
  volume={18},
  number={3},
  pages={439--454},
  year={2002},
  publisher={Elsevier}
}
@article{taylor2003exponential,
  title={Exponential smoothing with a damped multiplicative trend},
  author={Taylor, James W},
  journal={International journal of Forecasting},
  volume={19},
  number={4},
  pages={715--725},
  year={2003},
  publisher={Elsevier}
}
@article{chatfield2001new,
  title={A new look at models for exponential smoothing},
  author={Chatfield, Chris and Koehler, Anne B and Ord, J Keith and Snyder, Ralph D},
  journal={Journal of the Royal Statistical Society: Series D (The Statistician)},
  volume={50},
  number={2},
  pages={147--159},
  year={2001},
  publisher={Wiley Online Library}
}
@article{hyndman2001s,
  title={It’s time to move from what to why’},
  author={Hyndman, RJ},
  journal={International Journal of Forecasting},
  volume={17},
  number={1},
  pages={567--570},
  year={2001},
  publisher={Elsevier}
}
@article{werbos1990backpropagation,
  title={Backpropagation Through Time: What It Does and How to Do It},
  author={WERBOS, PAUL J},
  journal={PROCEEDINGS OF THE IEEE},
  volume={78},
  number={10},
  year={1990}
}
@article{yule1927vii,
  title={VII. On a method of investigating periodicities disturbed series, with special reference to Wolfer's sunspot numbers},
  author={Yule, George Udny},
  journal={Philosophical Transactions of the Royal Society of London. Series A, Containing Papers of a Mathematical or Physical Character},
  volume={226},
  number={636-646},
  pages={267--298},
  year={1927},
  publisher={The Royal Society London}
}
@article{box1976time,
  title={Time series analysis. Forecasting and control},
  author={Box, George EP and Jenkins, Gwilym M},
  journal={Holden-Day Series in Time Series Analysis},
  year={1976}
}
@inproceedings{ariyo2014stock,
  title={Stock price prediction using the ARIMA model},
  author={Ariyo, Adebiyi A and Adewumi, Adewumi O and Ayo, Charles K},
  booktitle={2014 UKSim-AMSS 16th International Conference on Computer Modelling and Simulation},
  pages={106--112},
  year={2014},
  organization={IEEE}
}
@article{hein1988forecasting,
  title={Forecasting the daily federal funds rate},
  author={Hein, Scott E and Spudeck, Raymond E},
  journal={International Journal of Forecasting},
  volume={4},
  number={4},
  pages={581--591},
  year={1988},
  publisher={Elsevier}
}
@article{harris1993dynamic,
  title={Dynamic structural analysis and forecasting of residential electricity consumption},
  author={Harris, John L and Liu, Lon-Mu},
  journal={International Journal of Forecasting},
  volume={9},
  number={4},
  pages={437--455},
  year={1993},
  publisher={Elsevier}
}
@book{rosenblatt1957perceptron,
  title={The perceptron, a perceiving and recognizing automaton Project Para},
  author={Rosenblatt, Frank},
  year={1957},
  publisher={Cornell Aeronautical Laboratory}
}
@article{hu1964adaptive,
  title={An adaptive data processing system for weather forecasting},
  author={Hu, MJC and Root, Halbert E},
  journal={Journal of Applied Meteorology and Climatology},
  volume={3},
  number={5},
  pages={513--523},
  year={1964}
}
@techreport{rumelhart1985learning,
  title={Learning internal representations by error propagation},
  author={Rumelhart, David E and Hinton, Geoffrey E and Williams, Ronald J},
  year={1985},
  institution={California Univ San Diego La Jolla Inst for Cognitive Science}
}
@article{hornik1989multilayer,
  title={Multilayer feedforward networks are universal approximators},
  author={Hornik, Kurt and Stinchcombe, Maxwell and White, Halbert},
  journal={Neural networks},
  volume={2},
  number={5},
  pages={359--366},
  year={1989},
  publisher={Elsevier}
}
@article{lecun1989backpropagation,
  title={Backpropagation applied to handwritten zip code recognition},
  author={LeCun, Yann and Boser, Bernhard and Denker, John S and Henderson, Donnie and Howard, Richard E and Hubbard, Wayne and Jackel, Lawrence D},
  journal={Neural computation},
  volume={1},
  number={4},
  pages={541--551},
  year={1989},
  publisher={MIT Press}
}
@article{lecun1995convolutional,
  title={Convolutional networks for images, speech, and time series},
  author={LeCun, Yann and Bengio, Yoshua and others},
  journal={The handbook of brain theory and neural networks},
  volume={3361},
  number={10},
  pages={1995},
  year={1995}
}
@article{hochreiter1997long,
  title={Long short-term memory},
  author={Hochreiter, Sepp and Schmidhuber, J{\"u}rgen},
  journal={Neural computation},
  volume={9},
  number={8},
  pages={1735--1780},
  year={1997},
  publisher={MIT Press}
}
@inproceedings{boser1992training,
  title={A training algorithm for optimal margin classifiers},
  author={Boser, Bernhard E and Guyon, Isabelle M and Vapnik, Vladimir N},
  booktitle={Proceedings of the fifth annual workshop on Computational learning theory},
  pages={144--152},
  year={1992}
}
@inproceedings{ho1995random,
  title={Random decision forests},
  author={Ho, Tin Kam},
  booktitle={Proceedings of 3rd international conference on document analysis and recognition},
  volume={1},
  pages={278--282},
  year={1995},
  organization={IEEE}
}
@article{hinton2006fast,
  title={A fast learning algorithm for deep belief nets},
  author={Hinton, Geoffrey E and Osindero, Simon and Teh, Yee-Whye},
  journal={Neural computation},
  volume={18},
  number={7},
  pages={1527--1554},
  year={2006},
  publisher={MIT Press}
}
@inproceedings{glorot2010understanding,
  title={Understanding the difficulty of training deep feedforward neural networks},
  author={Glorot, Xavier and Bengio, Yoshua},
  booktitle={Proceedings of the thirteenth international conference on artificial intelligence and statistics},
  pages={249--256},
  year={2010},
  organization={JMLR Workshop and Conference Proceedings}
}
@inproceedings{jarrett2009best,
  title={What is the best multi-stage architecture for object recognition?},
  author={Jarrett, Kevin and Kavukcuoglu, Koray and Ranzato, Marc'Aurelio and LeCun, Yann},
  booktitle={2009 IEEE 12th international conference on computer vision},
  pages={2146--2153},
  year={2009},
  organization={IEEE}
}
@inproceedings{nair2010rectified,
  title={Rectified linear units improve restricted boltzmann machines},
  author={Nair, Vinod and Hinton, Geoffrey E},
  booktitle={Icml},
  year={2010}
}
@article{wen2017multi,
  title={A multi-horizon quantile recurrent forecaster},
  author={Wen, Ruofeng and Torkkola, Kari and Narayanaswamy, Balakrishnan and Madeka, Dhruv},
  journal={arXiv preprint arXiv:1711.11053},
  year={2017}
}
@article{salinas2020deepar,
  title={DeepAR: Probabilistic forecasting with autoregressive recurrent networks},
  author={Salinas, David and Flunkert, Valentin and Gasthaus, Jan and Januschowski, Tim},
  journal={International Journal of Forecasting},
  volume={36},
  number={3},
  pages={1181--1191},
  year={2020},
  publisher={Elsevier}
}
@inproceedings{laptev2017time,
  title={Time-series extreme event forecasting with neural networks at uber},
  author={Laptev, Nikolay and Yosinski, Jason and Li, Li Erran and Smyl, Slawek},
  booktitle={International conference on machine learning},
  volume={34},
  pages={1--5},
  year={2017}
}
@article{li2017diffusion,
  title={Diffusion convolutional recurrent neural network: Data-driven traffic forecasting},
  author={Li, Yaguang and Yu, Rose and Shahabi, Cyrus and Liu, Yan},
  journal={arXiv preprint arXiv:1707.01926},
  year={2017}
}
@article{dimoulkas2019neural,
  title={Neural networks for GEFCom2017 probabilistic load forecasting},
  author={Dimoulkas, Ilias and Mazidi, Peyman and Herre, Lars},
  journal={International Journal of Forecasting},
  volume={35},
  number={4},
  pages={1409--1423},
  year={2019},
  publisher={Elsevier}
}
@article{conejo2005forecasting,
  title={Forecasting electricity prices for a day-ahead pool-based electric energy market},
  author={Conejo, Antonio J and Contreras, Javier and Esp{\'\i}nola, Rosa and Plazas, Miguel A},
  journal={International journal of forecasting},
  volume={21},
  number={3},
  pages={435--462},
  year={2005},
  publisher={Elsevier}
}
@article{tkacz2001neural,
  title={Neural network forecasting of Canadian GDP growth},
  author={Tkacz, Greg},
  journal={International Journal of Forecasting},
  volume={17},
  number={1},
  pages={57--69},
  year={2001},
  publisher={Elsevier}
}
%
% MODEL DESCRIPTION ----------------------------------------------------
%
%
% EXP SMOOTHING ---------------------------------------------------------
%
%
@article{gardner1989note,
  title={Note—Seasonal exponential smoothing with damped trends},
  author={Gardner Jr, Everette S and McKenzie, Ed},
  journal={Management Science},
  volume={35},
  number={3},
  pages={372--376},
  year={1989},
  publisher={INFORMS}
}

@article{fildes2001beyond,
  title={Beyond forecasting competitions},
  author={Fildes, RA},
  journal={International Journal of Forecasting},
  volume={17},
  number={4},
  pages={556--560},
  year={2001}
}
@article{shah1997model,
  title={Model selection in univariate time series forecasting using discriminant analysis},
  author={Shah, Chandra},
  journal={International Journal of Forecasting},
  volume={13},
  number={4},
  pages={489--500},
  year={1997},
  publisher={Elsevier}
}
@article{meade2000evidence,
  title={Evidence for the selection of forecasting methods},
  author={Meade, Nigel},
  journal={Journal of forecasting},
  volume={19},
  number={6},
  pages={515--535},
  year={2000},
  publisher={Wiley Online Library}
}
@article{collopy1992rule,
  title={Rule-based forecasting: Development and validation of an expert systems approach to combining time series extrapolations},
  author={Collopy, Fred and Armstrong, J Scott},
  journal={Management science},
  volume={38},
  number={10},
  pages={1394--1414},
  year={1992},
  publisher={INFORMS}
}
@article{flores2000use,
  title={The use of an expert system in the M3 competition},
  author={Flores, Benito E and Pearce, Stephen L},
  journal={International Journal of Forecasting},
  volume={16},
  number={4},
  pages={485--496},
  year={2000},
  publisher={Elsevier}
}
@article{gardner1985forecasting,
  title={Forecasting trends in time series},
  author={Gardner Jr, Everette S and McKenzie, ED},
  journal={Management science},
  volume={31},
  number={10},
  pages={1237--1246},
  year={1985},
  publisher={INFORMS}
}
@article{ord1997estimation,
  title={Estimation and prediction for a class of dynamic nonlinear statistical models},
  author={Ord, John Keith and Koehler, Anne B and Snyder, Ralph D},
  journal={Journal of the American Statistical Association},
  volume={92},
  number={440},
  pages={1621--1629},
  year={1997},
  publisher={Taylor \& Francis}
}

